%% This BibTeX bibliography file was created using BibDesk.
%% http://bibdesk.sourceforge.net/

%% Created for Daniel Snell at 2018-06-26 16:57:21 +1200 


%% Saved with string encoding Unicode (UTF-8) 


@comment{jabref-meta: databaseType:bibtex;}



@article{HouriSpacetimeSymm,
	Author = {Houri, Tsuyoshi and Yasui, Yukinori},
	Date-Added = {2018-06-22 04:15:58 +0000},
	Date-Modified = {2018-06-22 04:16:09 +0000},
	Doi = {10.1088/0264-9381/32/5/055002},
	Fjournal = {Classical and Quantum Gravity},
	Issn = {0264-9381},
	Journal = {Classical Quantum Gravity},
	Mrclass = {83C20 (83C05)},
	Mrnumber = {3310200},
	Mrreviewer = {Jorge A. Pullin},
	Number = {5},
	Pages = {055002, 29},
	Title = {A simple test for spacetime symmetry},
	Url = {https://doi.org/10.1088/0264-9381/32/5/055002},
	Volume = {32},
	Year = {2015},
	Bdsk-Url-1 = {https://doi.org/10.1088/0264-9381/32/5/055002}}

@article{DistCurvParabolic,
	Author = {{\v{C}}ap, A. and Slov\'{a}k, J. and {\v{Z}}\'{a}dn\'{i}k, V.},
	Date-Added = {2018-06-22 04:14:19 +0000},
	Date-Modified = {2018-06-25 02:33:43 +0000},
	Doi = {10.1007/s00031-004-7009-z},
	Fjournal = {Transformation Groups},
	Issn = {1083-4362},
	Journal = {Transform. Groups},
	Mrclass = {53C10 (53C22)},
	Mrnumber = {2056534},
	Mrreviewer = {Gerd Schmalz},
	Number = {2},
	Pages = {143--166},
	Title = {On distinguished curves in parabolic geometries},
	Url = {https://doi.org/10.1007/s00031-004-7009-z},
	Volume = {9},
	Year = {2004},
	Bdsk-Url-1 = {https://doi.org/10.1007/s00031-004-7009-z}}

@article{GLaplacianEinstein,
	Author = {Gover, A. R.},
	Date-Added = {2018-06-22 02:15:38 +0000},
	Date-Modified = {2018-06-22 02:23:05 +0000},
	Doi = {10.1007/s00208-006-0004-z},
	Fjournal = {Mathematische Annalen},
	Issn = {0025-5831},
	Journal = {Math. Ann.},
	Mrclass = {58J60 (53C20 53C21)},
	Mrnumber = {2244375},
	Mrreviewer = {Mohameden Ahmedou},
	Number = {2},
	Pages = {311--334},
	Title = {Laplacian operators and {$Q$}-curvature on conformally {E}instein manifolds},
	Url = {https://doi.org/10.1007/s00208-006-0004-z},
	Volume = {336},
	Year = {2006},
	Bdsk-Url-1 = {https://doi.org/10.1007/s00208-006-0004-z}}

@article{KillingConstantsMotion,
	Author = {Sommers, P.},
	Date-Added = {2018-06-21 04:10:39 +0000},
	Date-Modified = {2018-06-25 03:01:11 +0000},
	Doi = {10.1063/1.1666395},
	Fjournal = {Journal of Mathematical Physics},
	Issn = {0022-2488},
	Journal = {J. Mathematical Phys.},
	Mrclass = {83.53},
	Mrnumber = {0329558},
	Mrreviewer = {Kotik K. Lee},
	Pages = {787--790},
	Title = {On {K}illing tensors and constants of motion},
	Url = {https://doi.org/10.1063/1.1666395},
	Volume = {14},
	Year = {1973},
	Bdsk-Url-1 = {https://doi.org/10.1063/1.1666395}}

@article{ProlongSymmKilling,
	Author = {Michel, Jean-Philippe and Somberg, Petr and \v{S}ilhan, Josef},
	Date-Added = {2018-06-21 04:07:38 +0000},
	Date-Modified = {2018-06-21 04:09:31 +0000},
	Doi = {10.1216/RMJ-2017-47-2-587},
	Fjournal = {The Rocky Mountain Journal of Mathematics},
	Issn = {0035-7596},
	Journal = {Rocky Mountain J. Math.},
	Mrclass = {58J70 (35J05 35R01 53A20)},
	Mrnumber = {3635376},
	Mrreviewer = {D. Catalano Ferraioli},
	Number = {2},
	Pages = {587--619},
	Title = {Prolongation of symmetric {K}illing tensors and commuting symmetries of the {L}aplace operator},
	Url = {https://doi.org/10.1216/RMJ-2017-47-2-587},
	Volume = {47},
	Year = {2017},
	Bdsk-Url-1 = {https://doi.org/10.1216/RMJ-2017-47-2-587}}

@article{IntegrabilityKillingEqn,
	Author = {Houri, T. and Tomoda, K. and Yasui, Y.},
	Date-Added = {2018-06-21 04:04:15 +0000},
	Date-Modified = {2018-06-25 02:56:07 +0000},
	Doi = {10.1088/1361-6382/aaa4e7},
	Fjournal = {Classical and Quantum Gravity},
	Issn = {0264-9381},
	Journal = {Classical Quantum Gravity},
	Mrclass = {83C10 (70H06)},
	Mrnumber = {3778441},
	Number = {7},
	Pages = {075014, 22},
	Title = {On integrability of the {K}illing equation},
	Url = {https://doi.org/10.1088/1361-6382/aaa4e7},
	Volume = {35},
	Year = {2018},
	Bdsk-Url-1 = {https://doi.org/10.1088/1361-6382/aaa4e7}}

@article{StructKillingII,
	Author = {Hauser, I. and Malhiot, R. J.},
	Date-Added = {2018-06-21 04:02:48 +0000},
	Date-Modified = {2018-06-21 04:02:56 +0000},
	Doi = {10.1063/1.522731},
	Fjournal = {Journal of Mathematical Physics},
	Issn = {0022-2488},
	Journal = {J. Math. Phys.},
	Mrclass = {83.53},
	Mrnumber = {0373538},
	Mrreviewer = {Kotik K. Lee},
	Pages = {1625--1629},
	Title = {Structural equations for {K}illing tensors of order two. {II}},
	Url = {https://doi.org/10.1063/1.522731},
	Volume = {16},
	Year = {1975},
	Bdsk-Url-1 = {https://doi.org/10.1063/1.522731}}

@article{StructKillingI,
	Author = {Hauser, I. and Malhiot, R. J.},
	Date-Added = {2018-06-21 04:02:25 +0000},
	Date-Modified = {2018-06-21 04:02:35 +0000},
	Doi = {10.1063/1.522407},
	Fjournal = {Journal of Mathematical Physics},
	Issn = {0022-2488},
	Journal = {J. Mathematical Phys.},
	Mrclass = {83.53},
	Mrnumber = {0356821},
	Mrreviewer = {Kotik K. Lee},
	Pages = {150--152},
	Title = {Structural equations for {K}illing tensors of order two. {I}},
	Url = {https://doi.org/10.1063/1.522407},
	Volume = {16},
	Year = {1975},
	Bdsk-Url-1 = {https://doi.org/10.1063/1.522407}}

@article{QIntQuadKilling,
	Author = {Duval, C. and Valent, G.},
	Date-Added = {2018-06-21 03:55:28 +0000},
	Date-Modified = {2018-06-21 03:56:04 +0000},
	Doi = {10.1063/1.1899986},
	Fjournal = {Journal of Mathematical Physics},
	Issn = {0022-2488},
	Journal = {J. Math. Phys.},
	Mrclass = {81S10 (37J35 53D50 81R12)},
	Mrnumber = {2143025},
	Mrreviewer = {Giovanni Rastelli},
	Number = {5},
	Pages = {053516, 22},
	Title = {Quantum integrability of quadratic {K}illing tensors},
	Url = {https://doi.org/10.1063/1.1899986},
	Volume = {46},
	Year = {2005},
	Bdsk-Url-1 = {https://doi.org/10.1063/1.1899986}}

@article{KillingCanonicalGeometry,
	Author = {Cariglia, M. and Gibbons, G. W. and van Holten, J.-W. and Horvathy, P. A. and Kosi\'nski, P. and Zhang, P.-M.},
	Date-Added = {2018-06-21 03:53:16 +0000},
	Date-Modified = {2018-06-21 03:53:41 +0000},
	Doi = {10.1088/0264-9381/31/12/125001},
	Fjournal = {Classical and Quantum Gravity},
	Issn = {0264-9381},
	Journal = {Classical Quantum Gravity},
	Mrclass = {58J70},
	Mrnumber = {3216430},
	Mrreviewer = {Ghulam Shabbir},
	Number = {12},
	Pages = {125001, 10},
	Title = {Killing tensors and canonical geometry},
	Url = {https://doi.org/10.1088/0264-9381/31/12/125001},
	Volume = {31},
	Year = {2014},
	Bdsk-Url-1 = {https://doi.org/10.1088/0264-9381/31/12/125001}}

@inproceedings{Curry-G-conformal,
	Abstract = {This volume compiles notes from four mini courses given at the summer school on asymptotic analysis in general relativity, held at the Institut Fourier in Grenoble, France. It contains an up-to-date panorama of modern techniques in the asymptotic analysis of classical and quantum fields in general relativity. Accessible to graduate students, these notes gather results that were not previously available in textbooks or monographs and will be of wider interest to researchers in general relativity. The topics of these mini courses are: the geometry of black hole spacetimes; an introduction to quantum field theory on curved spacetimes; conformal geometry and tractor calculus; and microlocal analysis for wave propagation.},
	Author = {{Curry}, S. and {Gover}, A.~R.},
	Booktitle = {Asymptotic analysis in general relativity},
	Date-Added = {2018-06-19 08:59:28 +0000},
	Date-Modified = {2018-06-19 09:06:35 +0000},
	Isbn = {9781108186612},
	Keywords = {General relativity (Physics) -- Mathematics},
	Language = {eng},
	Series = {London Mathematical Society lecture note series; 443},
	Title = {An introduction to conformal geometry and tractor calculus, with a view to applications in general relativity},
	Year = {2018}}

@mastersthesis{SnellMSc,
	Author = {Snell, D.},
	Date-Added = {2018-06-19 06:36:23 +0000},
	Date-Modified = {2018-06-25 03:00:42 +0000},
	School = {The University of Auckland},
	Title = {{C}onserved {Q}uantities on {C}onformal {M}anifolds and {BGG} {S}equences},
	Type = {Master's Thesis},
	Year = {2017}}

@article{GRiemSig,
	Author = {Gover, A. R.},
	Date-Added = {2018-06-19 01:15:38 +0000},
	Date-Modified = {2018-06-25 02:50:19 +0000},
	Doi = {10.1016/j.geomphys.2009.09.016},
	Fjournal = {Journal of Geometry and Physics},
	Issn = {0393-0440},
	Journal = {J. Geom. Phys.},
	Mrclass = {53C25 (53A30)},
	Mrnumber = {2587388},
	Mrreviewer = {Andrew Swann},
	Number = {2},
	Pages = {182--204},
	Title = {Almost {E}instein and {P}oincar\'e-{E}instein manifolds in {R}iemannian signature},
	Url = {https://doi.org/10.1016/j.geomphys.2009.09.016},
	Volume = {60},
	Year = {2010},
	Bdsk-Url-1 = {https://doi.org/10.1016/j.geomphys.2009.09.016}}

@book{Wald1984,
	Author = {Wald, R. M.},
	Date-Added = {2018-05-29 04:36:07 +0000},
	Date-Modified = {2018-06-25 03:03:07 +0000},
	Doi = {10.7208/chicago/9780226870373.001.0001},
	Isbn = {0-226-87032-4; 0-226-87033-2},
	Mrclass = {83-02 (83-01)},
	Mrnumber = {757180},
	Mrreviewer = {Arthur Greenspoon},
	Pages = {xiii+491},
	Publisher = {University of Chicago Press, Chicago, IL},
	Title = {General relativity},
	Url = {https://doi.org/10.7208/chicago/9780226870373.001.0001},
	Year = {1984},
	Bdsk-Url-1 = {https://doi.org/10.7208/chicago/9780226870373.001.0001}}

@article{Carter1968,
	Author = {Carter, B.},
	Date-Added = {2018-05-23 12:05:15 +0000},
	Date-Modified = {2018-06-25 02:47:16 +0000},
	Journal = {Physical Review},
	Number = {5},
	Pages = {1559},
	Publisher = {APS},
	Title = {Global structure of the {K}err family of gravitational fields},
	Volume = {174},
	Year = {1968}}

@article{HSSS-ex,
	Author = {Hammerl, Matthias and Somberg, Petr and Sou{\v{c}}ek, Vladim{\'\i}r and {\v{S}}ilhan, Josef},
	Date-Added = {2018-05-23 10:41:43 +0000},
	Date-Modified = {2018-06-19 09:30:59 +0000},
	Journal = {Annals of Global Analysis and Geometry},
	Number = {1},
	Pages = {121--145},
	Publisher = {Springer},
	Title = {Invariant prolongation of overdetermined {PDE}s in projective, conformal, and {G}rassmannian geometry},
	Volume = {42},
	Year = {2012}}

@article{CGH-Duke,
	Author = {{\v{C}}ap, A. and Gover, A. R. and Hammerl, M.},
	Date-Added = {2018-05-23 10:39:25 +0000},
	Date-Modified = {2018-06-25 02:37:14 +0000},
	Journal = {Duke Mathematical Journal},
	Number = {5},
	Pages = {1035--1070},
	Publisher = {Duke University Press},
	Title = {Holonomy reductions of {C}artan geometries and curved orbit decompositions},
	Volume = {163},
	Year = {2014}}

@article{MaGo-Mat,
	Author = {Gover, A. R. and Matveev, V. S.},
	Date-Added = {2018-05-23 10:32:08 +0000},
	Date-Modified = {2018-06-19 09:11:28 +0000},
	Journal = {Proceedings of the London Mathematical Society},
	Number = {2},
	Pages = {242--292},
	Publisher = {Wiley Online Library},
	Title = {Projectively related metrics, {W}eyl nullity and metric projectively invariant equations},
	Volume = {114},
	Year = {2017}}

@article{CGMacbeth-Ein,
	Author = {{\v{C}}ap, A. and Gover, A. R. and Macbeth, H. R.},
	Date-Added = {2018-05-23 10:31:23 +0000},
	Date-Modified = {2018-06-25 03:06:23 +0000},
	Journal = {Geometriae Dedicata},
	Number = {1},
	Pages = {235--244},
	Publisher = {Springer},
	Title = {{E}instein metrics in projective geometry},
	Volume = {168},
	Year = {2014}}

@book{Weyl-inv,
	Author = {Weyl, H.},
	Date-Added = {2018-05-23 10:29:15 +0000},
	Date-Modified = {2018-06-19 09:13:12 +0000},
	Mrclass = {20.0X},
	Mrnumber = {0000255},
	Mrreviewer = {C. Chevalley},
	Pages = {xii+302},
	Publisher = {Princeton University Press, Princeton, N.J.},
	Title = {The {C}lassical {G}roups. {T}heir {I}nvariants and {R}epresentations},
	Year = {1939}}

@article{Go-Leist,
	Author = {Gover, A. R. and Leistner, T.},
	Date-Added = {2018-05-23 10:26:23 +0000},
	Date-Modified = {2018-06-19 09:27:29 +0000},
	Journal = {arXiv preprint arXiv:1802.05866},
	Read = {0},
	Title = {Invariant prolongation of the {K}illing tensor equation},
	Year = {2018}}

@article{DT-pre,
  title={Conformal geodesics on gravitational instantons},
  author={Dunajski, M. and Tod, P.},
  journal={arXiv preprint arXiv:1906.08375},
  year={2019}}

@book{Penrose-Rindler-v1,
	Author = {Penrose, R. and Rindler, W.},
	Date-Added = {2018-05-23 10:25:36 +0000},
	Date-Modified = {2018-06-25 03:07:47 +0000},
	Isbn = {0-521-33707-0},
	Mrclass = {83Cxx (53A50 53C80 81D25 81D27 83-02 83C60)},
	Mrnumber = {917488},
	Pages = {x+458},
	Publisher = {Cambridge University Press, Cambridge},
	Series = {Cambridge Monographs on Mathematical Physics},
	Title = {Spinors and space-time. {V}ol.\ 1},
	Year = {1987}}

@book{Fulton-Harris,
	Author = {Fulton, W. and Harris, J.},
	Date-Added = {2018-05-23 10:24:37 +0000},
	Date-Modified = {2018-06-25 02:49:24 +0000},
	Doi = {10.1007/978-1-4612-0979-9},
	Isbn = {0-387-97527-6; 0-387-97495-4},
	Mrclass = {20G05 (17B10 20G20 22E46)},
	Mrnumber = {1153249},
	Mrreviewer = {James E. Humphreys},
	Note = {A first course, Readings in Mathematics},
	Pages = {xvi+551},
	Publisher = {Springer-Verlag, New York},
	Series = {Graduate Texts in Mathematics},
	Title = {Representation theory},
	Url = {https://doi.org/10.1007/978-1-4612-0979-9},
	Volume = {129},
	Year = {1991},
	Bdsk-Url-1 = {https://doi.org/10.1007/978-1-4612-0979-9}}

@article{GH,
	Author = {Gover, A. R. and Macbeth, H. R.},
	Date-Added = {2018-05-23 10:22:24 +0000},
	Date-Modified = {2018-06-25 02:50:49 +0000},
	Journal = {Differential Geometry and its Applications},
	Pages = {44--69},
	Publisher = {Elsevier},
	Title = {Detecting {E}instein geodesics: {E}instein metrics in projective and conformal geometry},
	Volume = {33},
	Year = {2014}}

@article{ArmstrongI,
	Author = {Armstrong, S.},
	Date-Added = {2018-05-23 10:16:33 +0000},
	Date-Modified = {2018-06-25 02:20:08 +0000},
	Journal = {Annals of Global Analysis and Geometry},
	Number = {1},
	Pages = {47--69},
	Publisher = {Springer},
	Title = {Projective holonomy {I}: {P}rinciples and {P}roperties},
	Volume = {33},
	Year = {2008}}

@article{ArmstrongII,
	Author = {Armstrong, S.},
	Date-Added = {2018-05-23 10:16:06 +0000},
	Date-Modified = {2018-06-25 02:20:01 +0000},
	Journal = {Annals of Global Analysis and Geometry},
	Number = {2},
	Pages = {137--160},
	Publisher = {Springer},
	Title = {Projective holonomy {II}: {C}ones and {C}omplete {C}lassifications},
	Volume = {33},
	Year = {2008}}

@article{CGH,
	Author = {{\v{C}}ap, A. and Gover, A. R. and Hammerl, M.},
	Date-Added = {2018-05-23 10:13:53 +0000},
	Date-Modified = {2018-06-25 03:11:59 +0000},
	Journal = {International Journal of Mathematics},
	Number = {11},
	Pages = {1250117},
	Publisher = {World Scientific},
	Title = {{N}ormal {BGG} solutions and polynomials},
	Volume = {23},
	Year = {2012}}

@article{Leitner,
	Author = {Leitner, F.},
	Date-Added = {2018-05-23 10:11:08 +0000},
	Date-Modified = {2018-06-19 09:29:56 +0000},
	Journal = {arXiv preprint arXiv:math/0406316},
	Title = {Normal conformal {K}illing forms},
	Year = {2004}}

@article{CSS,
	Author = {{\v{C}}ap, A. and Sou{\v{c}}ek, V.},
	Date-Added = {2018-05-23 10:06:08 +0000},
	Date-Modified = {2018-06-25 02:40:20 +0000},
	Journal = {Journal of Algebra},
	Pages = {188--210},
	Publisher = {Elsevier},
	Title = {Relative {BGG} sequences: I. {A}lgebra},
	Volume = {463},
	Year = {2016}}

@article{Yano1957,
	Author = {Yano, K.},
	Date-Added = {2018-05-23 09:48:24 +0000},
	Date-Modified = {2018-06-19 09:14:16 +0000},
	Publisher = {North-Holland},
	Title = {The theory of Lie derivatives and its applications},
	Year = {1957}}

@article{Yano1938,
	Author = {Yano, K.},
	Date-Added = {2018-05-23 09:44:08 +0000},
	Date-Modified = {2018-06-19 09:14:12 +0000},
	Doi = {10.3792/pia/1195579559},
	Fjournal = {Proceedings of the Imperial Academy},
	Journal = {Proc. Imp. Acad.},
	Number = {9},
	Pages = {329--332},
	Publisher = {The Japan Academy},
	Title = {Sur les circonf\'{e}rences g\'{e}n\'{e}ralis\'{e}es dans les espaces \`{a} connexion conforme},
	Url = {https://doi.org/10.3792/pia/1195579559},
	Volume = {14},
	Year = {1938},
	Bdsk-Url-1 = {https://doi.org/10.3792/pia/1195579559}}

@book{Schouten1954,
	Author = {Schouten, J. A.},
	Date-Added = {2018-05-23 09:30:59 +0000},
	Date-Modified = {2018-06-25 02:59:24 +0000},
	Publisher = {Springer-Verlag},
	Title = {Ricci-calculus, an introduction to tensor analysis and its geometrical applications},
	Year = {1954}}

@book{ThomasInvariants,
	Author = {Thomas, T. Y.},
	Date-Added = {2018-05-23 08:42:23 +0000},
	Date-Modified = {2018-06-19 09:12:51 +0000},
	Lccn = {lc34033304},
	Publisher = {The University press},
	Title = {The differential invariants of generalized spaces},
	Url = {https://books.google.co.nz/books?id=06HQAAAAMAAJ},
	Year = {1934},
	Bdsk-Url-1 = {https://books.google.co.nz/books?id=06HQAAAAMAAJ}}

@article{ThomasTensors,
	Author = {Thomas, Tracy Yerkes},
	Date-Added = {2018-05-23 08:39:22 +0000},
	Date-Modified = {2018-05-23 08:39:29 +0000},
	Journal = {Proceedings of the National Academy of Sciences},
	Number = {1},
	Pages = {103--112},
	Publisher = {National Acad Sciences},
	Title = {Conformal Tensors.(First Note.)},
	Volume = {18},
	Year = {1932}}

@article{ThomasOnConformal,
	Author = {Thomas, Tracy Yerkes},
	Date-Added = {2018-05-23 08:36:17 +0000},
	Date-Modified = {2018-05-23 08:36:58 +0000},
	Doi = {10.1073/pnas.12.5.352},
	Eprint = {http://www.pnas.org/content/12/5/352.full.pdf},
	Issn = {0027-8424},
	Journal = {Proceedings of the National Academy of Sciences},
	Number = {5},
	Pages = {352--359},
	Publisher = {National Academy of Sciences},
	Title = {On Conformal Geometry},
	Url = {http://www.pnas.org/content/12/5/352},
	Volume = {12},
	Year = {1926},
	Bdsk-Url-1 = {http://www.pnas.org/content/12/5/352},
	Bdsk-Url-2 = {https://doi.org/10.1073/pnas.12.5.352}}

@article{ThomasProj,
	Author = {Thomas, T. Y.},
	Date-Added = {2018-05-23 08:34:07 +0000},
	Date-Modified = {2018-06-25 03:02:26 +0000},
	Doi = {10.1073/pnas.11.10.588},
	Eprint = {http://www.pnas.org/content/11/10/588.full.pdf},
	Issn = {0027-8424},
	Journal = {Proceedings of the National Academy of Sciences},
	Number = {10},
	Pages = {588--589},
	Publisher = {National Academy of Sciences},
	Title = {Announcement of a Projective Theory of Affinely Connected Manifolds},
	Url = {http://www.pnas.org/content/11/10/588},
	Volume = {11},
	Year = {1925},
	Bdsk-Url-1 = {http://www.pnas.org/content/11/10/588},
	Bdsk-Url-2 = {https://doi.org/10.1073/pnas.11.10.588}}

@article{SilhanVojtech,
	Adsurl = {http://adsabs.harvard.edu/abs/2018arXiv180500422S},
	Archiveprefix = {arXiv},
	Author = {{\v{S}}ilhan, J. and {\v{Z}}\'{a}dn\'{i}k, V.},
	Date-Added = {2018-05-23 08:17:15 +0000},
	Date-Modified = {2018-06-25 02:17:57 +0000},
	Eprint = {1805.00422},
	Journal = {arXiv preprint arXiv:1805.00422},
	Keywords = {Mathematics - Differential Geometry, 53A30, 53A55, 53B25, 53B30},
	Month = may,
	Primaryclass = {math.DG},
	Title = {{Conformal theory of curves with tractors}},
	Year = 2018}

@article{FriedSchmidt,
	Author = {Friedrich, H. and Schmidt, B. G.},
	Date-Added = {2018-05-23 08:06:03 +0000},
	Date-Modified = {2018-05-23 08:06:32 +0000},
	Fjournal = {Proceedings of the Royal Society. London. Series A. Mathematical, Physical and Engineering Sciences},
	Issn = {0962-8444},
	Journal = {Proc. Roy. Soc. London Ser. A},
	Mrclass = {83C30},
	Mrnumber = {919722},
	Mrreviewer = {Peter R. Law},
	Number = {1846},
	Pages = {171--195},
	Title = {Conformal geodesics in general relativity},
	Volume = {414},
	Year = {1987}}

@article{BCEG,
	Author = {Branson, T. and {\v{C}}ap, A. and Eastwood, M. and Gover, A. R.},
	Date-Added = {2018-04-18 03:32:01 +0000},
	Date-Modified = {2018-06-25 02:25:54 +0000},
	Doi = {10.1142/S0129167X06003655},
	Fjournal = {International Journal of Mathematics},
	Issn = {0129-167X},
	Journal = {Internat. J. Math.},
	Mrclass = {58J70 (35N05)},
	Mrnumber = {2246885},
	Mrreviewer = {Nikolai Tarkhanov},
	Number = {6},
	Pages = {641--664},
	Title = {Prolongations of geometric overdetermined systems},
	Url = {https://doi.org/10.1142/S0129167X06003655},
	Volume = {17},
	Year = {2006},
	Bdsk-Url-1 = {https://doi.org/10.1142/S0129167X06003655}}

@article{CGH-jlms,
	Author = {{\v{C}}ap, A. and Gover, A. R. and Hammerl, M.},
	Date-Added = {2018-04-18 03:26:52 +0000},
	Date-Modified = {2018-06-25 02:16:57 +0000},
	Doi = {10.1112/jlms/jds002},
	Fjournal = {Journal of the London Mathematical Society. Second Series},
	Issn = {0024-6107},
	Journal = {J. Lond. Math. Soc. (2)},
	Mrclass = {53A20 (51M35 51N15)},
	Mrnumber = {2980919},
	Mrreviewer = {William M. McGovern},
	Number = {2},
	Pages = {433--454},
	Title = {Projective {BGG} equations, algebraic sets, and compactifications of {E}instein geometries},
	Url = {https://doi.org/10.1112/jlms/jds002},
	Volume = {86},
	Year = {2012},
	Bdsk-Url-1 = {https://doi.org/10.1112/jlms/jds002}}

@article{HSSS,
	Author = {Hammerl, M. and Somberg, P. and Sou\v{c}ek, V. and {\v{S}}ilhan, J.},
	Date-Added = {2018-04-18 03:14:23 +0000},
	Date-Modified = {2018-06-25 02:53:29 +0000},
	Doi = {10.4171/JEMS/349},
	Fjournal = {Journal of the European Mathematical Society (JEMS)},
	Issn = {1435-9855},
	Journal = {J. Eur. Math. Soc. (JEMS)},
	Mrclass = {58J70 (17B56 53A55 53C35 58A32)},
	Mrnumber = {2984590},
	Mrreviewer = {Adrian C. Albu},
	Number = {6},
	Pages = {1859--1883},
	Title = {On a new normalization for tractor covariant derivatives},
	Url = {https://doi.org/10.4171/JEMS/349},
	Volume = {14},
	Year = {2012},
	Bdsk-Url-1 = {https://doi.org/10.4171/JEMS/349}}

@article{CD,
	Author = {Calderbank, D. M. J. and Diemer, T.},
	Date-Added = {2018-04-18 03:11:15 +0000},
	Date-Modified = {2018-06-25 02:26:19 +0000},
	Doi = {10.1515/crll.2001.059},
	Fjournal = {Journal f\"ur die Reine und Angewandte Mathematik. [Crelle's Journal]},
	Issn = {0075-4102},
	Journal = {J. Reine Angew. Math.},
	Mrclass = {58J10 (17B56 32V05 53A30 53A55)},
	Mrnumber = {1856258},
	Mrreviewer = {Michael G. Eastwood},
	Pages = {67--103},
	Title = {Differential invariants and curved {B}ernstein-{G}elfand-{G}elfand sequences},
	Url = {https://doi.org/10.1515/crll.2001.059},
	Volume = {537},
	Year = {2001},
	Bdsk-Url-1 = {https://doi.org/10.1515/crll.2001.059}}

@article{CG-tams,
	Author = {{\v{C}}ap, A. and Gover, A. R.},
	Date-Added = {2018-04-18 03:08:54 +0000},
	Date-Modified = {2018-06-19 09:12:08 +0000},
	Doi = {10.1090/S0002-9947-01-02909-9},
	Fjournal = {Transactions of the American Mathematical Society},
	Issn = {0002-9947},
	Journal = {Trans. Amer. Math. Soc.},
	Mrclass = {53C07 (32V05 53A40 53A55 53C05)},
	Mrnumber = {1873017},
	Mrreviewer = {Michael G. Eastwood},
	Number = {4},
	Pages = {1511--1548},
	Title = {Tractor calculi for parabolic geometries},
	Url = {https://doi.org/10.1090/S0002-9947-01-02909-9},
	Volume = {354},
	Year = {2002},
	Bdsk-Url-1 = {https://doi.org/10.1090/S0002-9947-01-02909-9}}

@book{CS-book,
	Author = {{\v{C}}ap, A. and Slov\'{a}k, J.},
	Date-Added = {2018-04-18 03:03:31 +0000},
	Date-Modified = {2018-06-25 02:30:50 +0000},
	Doi = {10.1090/surv/154},
	Isbn = {978-0-8218-2681-2},
	Mrclass = {53C10 (17B60 22E60 53A55 53C30 58J70)},
	Mrnumber = {2532439},
	Mrreviewer = {Stuart Armstrong},
	Note = {Background and general theory},
	Pages = {x+628},
	Publisher = {American Mathematical Society, Providence, RI},
	Series = {Mathematical Surveys and Monographs},
	Title = {Parabolic {G}eometries {I}},
	Url = {https://doi.org/10.1090/surv/154},
	Volume = {154},
	Year = {2009},
	Bdsk-Url-1 = {https://doi.org/10.1090/surv/154}}

@article{Bailey1990a,
	Author = {Bailey, T. N. and Eastwood, M. G.},
	Date-Added = {2018-04-18 02:59:33 +0000},
	Date-Modified = {2018-04-18 02:59:47 +0000},
	Doi = {10.2307/2047716},
	Fjournal = {Proceedings of the American Mathematical Society},
	Issn = {0002-9939},
	Journal = {Proc. Amer. Math. Soc.},
	Mrclass = {53C22 (58G30 83C60)},
	Mrnumber = {994771},
	Mrreviewer = {Garry Ludwig},
	Number = {1},
	Pages = {215--221},
	Title = {Conformal circles and parametrizations of curves in conformal manifolds},
	Url = {https://doi.org/10.2307/2047716},
	Volume = {108},
	Year = {1990},
	Bdsk-Url-1 = {https://doi.org/10.2307/2047716}}

@article{G-PetersonCMP,
	Author = {Gover, A. R. and Peterson, L. J.},
	Date-Added = {2018-04-18 02:40:21 +0000},
	Date-Modified = {2018-06-25 02:51:49 +0000},
	Doi = {10.1007/s00220-002-0790-4},
	Fjournal = {Communications in Mathematical Physics},
	Issn = {0010-3616},
	Journal = {Comm. Math. Phys.},
	Mrclass = {58J60 (53C30 58J70)},
	Mrnumber = {1969732},
	Mrreviewer = {Michael G. Eastwood},
	Number = {2},
	Pages = {339--378},
	Title = {Conformally invariant powers of the {L}aplacian, {$Q$}-curvature, and tractor calculus},
	Url = {https://doi.org/10.1007/s00220-002-0790-4},
	Volume = {235},
	Year = {2003},
	Bdsk-Url-1 = {https://doi.org/10.1007/s00220-002-0790-4}}

@incollection{CG-irred,
	Author = {{\v{C}}ap, A. and Gover, A. R.},
	Booktitle = {Global analysis and harmonic analysis ({M}arseille-{L}uminy, 1999)},
	Date-Added = {2018-04-18 02:38:43 +0000},
	Date-Modified = {2018-06-25 02:30:01 +0000},
	Mrclass = {53C07 (53A30 53C05 53C15)},
	Mrnumber = {1822358},
	Mrreviewer = {William M. McGovern},
	Pages = {129--154},
	Publisher = {Soc. Math. France, Paris},
	Series = {S\'emin. Congr.},
	Title = {Tractor bundles for irreducible parabolic geometries},
	Volume = {4},
	Year = {2000}}

@book{Palais,
	Author = {Palais, R. S.},
	Date-Added = {2018-04-18 02:34:36 +0000},
	Date-Modified = {2018-06-25 02:57:40 +0000},
	Mrclass = {57.50},
	Mrnumber = {0198494},
	Mrreviewer = {F. Hirzebruch},
	Pages = {x+366},
	Publisher = {Princeton University Press, Princeton, N.J.},
	Series = {With contributions by M. F. Atiyah, A. Borel, E. E. Floyd, R. T. Seeley, W. Shih and R. Solovay. Annals of Mathematics Studies, No. 57},
	Title = {Seminar on the {A}tiyah-{S}inger index theorem},
	Year = {1965}}

@article{unique-MikE,
	Author = {Eastwood, M. G.},
	Date-Modified = {2018-06-26 04:54:35 +0000},
	Doi = {10.5817/AM2014-5-265},
	Fjournal = {Universitatis Masarykianae Brunensis. Facultas Scientiarum Naturalium. Archivum Mathematicum},
	Issn = {0044-8753},
	Journal = {Arch. Math. (Brno)},
	Mrclass = {53A30 (53C22)},
	Mrnumber = {3303776},
	Mrreviewer = {Andrew Bucki},
	Number = {5},
	Pages = {265--271},
	Title = {Uniqueness of the stereographic embedding},
	Url = {https://doi.org/10.5817/AM2014-5-265},
	Volume = {50},
	Year = {2014},
	Bdsk-Url-1 = {https://doi.org/10.5817/AM2014-5-265}}

@incollection{Doub-Zad,
	Author = {Doubrov, B. and \v{Z}\'{a}dn\'{\i}k, V.},
	Booktitle = {Differential geometry and its applications},
	Date-Modified = {2018-06-26 04:42:41 +0000},
	Mrclass = {53C22 (53C30)},
	Mrnumber = {2268934},
	Mrreviewer = {Mark E. Fels},
	Pages = {203--216},
	Publisher = {Matfyzpress, Prague},
	Title = {Equations and symmetries of generalized geodesics},
	Year = {2005}}

@article{Tod,
	Author = {Tod, P.},
	Date-Added = {2018-04-18 02:33:02 +0000},
	Date-Modified = {2018-06-25 03:02:53 +0000},
	Doi = {10.1016/j.geomphys.2012.03.010},
	Fjournal = {Journal of Geometry and Physics},
	Issn = {0393-0440},
	Journal = {J. Geom. Phys.},
	Mrclass = {53C22 (53A30)},
	Mrnumber = {2925827},
	Mrreviewer = {J\"urgen Berndt},
	Number = {8},
	Pages = {1778--1792},
	Title = {Some examples of the behaviour of conformal geodesics},
	Url = {https://doi.org/10.1016/j.geomphys.2012.03.010},
	Volume = {62},
	Year = {2012},
	Bdsk-Url-1 = {https://doi.org/10.1016/j.geomphys.2012.03.010}}

@article{HU,
	Author = {Holman, S. and Uhlmann, G.},
	Date-Modified = {2018-06-25 02:53:56 +0000},
	Doi = {10.4310/jdg/1519959623},
	Fjournal = {Journal of Differential Geometry},
	Issn = {0022-040X},
	Journal = {J. Differential Geom.},
	Mrclass = {53C65 (58J40)},
	Mrnumber = {3770848},
	Number = {3},
	Pages = {459--494},
	Title = {On the microlocal analysis of the geodesic {X}-ray transform with conjugate points},
	Url = {https://doi.org/10.4310/jdg/1519959623},
	Volume = {108},
	Year = {2018},
	Bdsk-Url-1 = {https://doi.org/10.4310/jdg/1519959623}}

@article{BEG,
	Author = {Bailey, T. N. and Eastwood, M. G. and Gover, A. R.},
	Date-Added = {2018-04-18 02:31:59 +0000},
	Date-Modified = {2018-04-18 02:32:03 +0000},
	Doi = {10.1216/rmjm/1181072333},
	Fjournal = {The Rocky Mountain Journal of Mathematics},
	Issn = {0035-7596},
	Journal = {Rocky Mountain J. Math.},
	Mrclass = {53A30 (53A20 58G30)},
	Mrnumber = {1322223},
	Mrreviewer = {G. R. Jensen},
	Number = {4},
	Pages = {1191--1217},
	Title = {Thomas's structure bundle for conformal, projective and related structures},
	Url = {https://doi.org/10.1216/rmjm/1181072333},
	Volume = {24},
	Year = {1994},
	Bdsk-Url-1 = {https://doi.org/10.1216/rmjm/1181072333}}

@article{Andersson-Blue,
	Author = {Andersson, L. and Blue, P.},
	Date-Added = {2018-04-18 02:24:45 +0000},
	Date-Modified = {2018-06-25 02:19:25 +0000},
	Doi = {10.4007/annals.2015.182.3.1},
	Fjournal = {Annals of Mathematics. Second Series},
	Issn = {0003-486X},
	Journal = {Ann. of Math. (2)},
	Mrclass = {58J45 (35B40 35B45 35L10 35R01)},
	Mrnumber = {3418531},
	Mrreviewer = {Piotr T. Chru\'sciel},
	Number = {3},
	Pages = {787--853},
	Title = {Hidden symmetries and decay for the wave equation on the {K}err spacetime},
	Url = {https://doi.org/10.4007/annals.2015.182.3.1},
	Volume = {182},
	Year = {2015},
	Bdsk-Url-1 = {https://doi.org/10.4007/annals.2015.182.3.1}}

@article{MR3109439,
	Author = {Herzlich, Marc},
	Doi = {10.1142/S0129167X13500675},
	Fjournal = {International Journal of Mathematics},
	Issn = {0129-167X},
	Journal = {Internat. J. Math.},
	Mrclass = {53B25 (53A30 53A55)},
	Mrnumber = {3109439},
	Mrreviewer = {Leonard Todjihounde},
	Number = {9},
	Pages = {1350067, 16},
	Title = {Parabolic geodesics as parallel curves in parabolic geometries},
	Url = {https://doi.org/10.1142/S0129167X13500675},
	Volume = {24},
	Year = {2013},
	Bdsk-Url-1 = {https://doi.org/10.1142/S0129167X13500675}}

@article{BEH,
	Author = {Ballesteros, \'{A}. and Enciso, A. and Herranz, F. J. and Ragnisco, O.},
	Date-Modified = {2018-06-25 02:23:35 +0000},
	Doi = {10.1088/0264-9381/25/16/165005},
	Fjournal = {Classical and Quantum Gravity},
	Issn = {0264-9381},
	Journal = {Classical Quantum Gravity},
	Mrclass = {53C50 (53C80 70G45 70H12 83C20)},
	Mrnumber = {2429722},
	Mrreviewer = {Martin L\'egar\'e},
	Number = {16},
	Pages = {165005, 13},
	Title = {Bertrand spacetimes as {K}epler/oscillator potentials},
	Url = {https://doi.org/10.1088/0264-9381/25/16/165005},
	Volume = {25},
	Year = {2008},
	Bdsk-Url-1 = {https://doi.org/10.1088/0264-9381/25/16/165005}}

@article{GHKW,
	Author = {Gibbons, G. W. and Houri, T. and Kubiz\v{n}\'{a}k, D. and Warnick, C. M.},
	Doi = {10.1016/j.physletb.2011.04.047},
	Fjournal = {Physics Letters. B. Particle Physics, Nuclear Physics and Cosmology},
	Issn = {0370-2693},
	Journal = {Phys. Lett. B},
	Mrclass = {37J15 (53C80 70H33 81S10)},
	Mrnumber = {2800464},
	Mrreviewer = {Hans-Peter K\"unzle},
	Number = {1},
	Pages = {68--74},
	Title = {Some spacetimes with higher rank {K}illing-{S}t\"ackel tensors},
	Url = {https://doi.org/10.1016/j.physletb.2011.04.047},
	Volume = {700},
	Year = {2011},
	Bdsk-Url-1 = {https://doi.org/10.1016/j.physletb.2011.04.047}}

@article{KKM,
	Author = {Kalnins, E. G. and Kress, J. M. and Miller, Jr., W.},
	Doi = {10.1063/1.2037567},
	Fjournal = {Journal of Mathematical Physics},
	Issn = {0022-2488},
	Journal = {J. Math. Phys.},
	Mrclass = {37K10 (35Q40 37J35 81R12)},
	Mrnumber = {2178607},
	Mrreviewer = {Manuel F. Ra\~nada},
	Number = {10},
	Pages = {103507, 28},
	Title = {Second order superintegrable systems in conformally flat spaces. {III}. {T}hree-dimensional classical structure theory},
	Url = {https://doi.org/10.1063/1.2037567},
	Volume = {46},
	Year = {2005},
	Bdsk-Url-1 = {https://doi.org/10.1063/1.2037567}}

@article{G-Sil-ckforms,
	Author = {Gover, A. R. and {\v{S}}ilhan, J.},
	Date-Modified = {2018-06-25 02:52:27 +0000},
	Doi = {10.1016/j.difgeo.2007.11.014},
	Fjournal = {Differential Geometry and its Applications},
	Issn = {0926-2245},
	Journal = {Differential Geom. Appl.},
	Mrclass = {53C07 (53A30 53C20 58J70)},
	Mrnumber = {2421703},
	Mrreviewer = {Andreas Cap},
	Number = {3},
	Pages = {244--266},
	Title = {The conformal {K}illing equation on forms---prolongations and applications},
	Url = {https://doi.org/10.1016/j.difgeo.2007.11.014},
	Volume = {26},
	Year = {2008},
	Bdsk-Url-1 = {https://doi.org/10.1016/j.difgeo.2007.11.014}}

@mastersthesis{Snell-honours,
	Author = {Snell, D.},
	Date-Added = {2018-05-09 21:46:45 +0000},
	Date-Modified = {2018-06-25 03:00:52 +0000},
	School = {The University of Auckland},
	Title = {Conformal Geometry and Conserved Quantities},
	Type = {Honours Dissertation},
	Year = {2015}}

@mastersthesis{BellMSc,
	Author = {Bell, S.},
	Date-Added = {2018-05-09 21:45:26 +0000},
	Date-Modified = {2018-06-25 02:24:05 +0000},
	School = {The University of Auckland},
	Title = {Canonical Curves and First Integrals},
	Type = {Master's Thesis},
	Year = {2017}}

@article{Carter1968a,
	Author = {Carter, Brandon},
	Doi = {10.1103/PhysRev.174.1559},
	Issue = {5},
	Journal = {Phys. Rev.},
	Month = {Oct},
	Numpages = {0},
	Pages = {1559--1571},
	Publisher = {American Physical Society},
	Title = {Global Structure of the Kerr Family of Gravitational Fields},
	Url = {https://link.aps.org/doi/10.1103/PhysRev.174.1559},
	Volume = {174},
	Year = {1968},
	Bdsk-Url-1 = {https://link.aps.org/doi/10.1103/PhysRev.174.1559},
	Bdsk-Url-2 = {https://doi.org/10.1103/PhysRev.174.1559}}

@incollection{Guill,
	Author = {Guillarmou, C.},
	Booktitle = {Geometric and computational spectral theory},
	Date-Modified = {2018-06-25 02:52:51 +0000},
	Doi = {10.1090/conm/700/14189},
	Mrclass = {53D25 (35R01 35R30 53C65)},
	Mrnumber = {3748528},
	Pages = {267--284},
	Publisher = {Amer. Math. Soc., Providence, RI},
	Series = {Contemp. Math.},
	Title = {Scattering for the geodesic flow on surfaces with boundary},
	Url = {https://doi.org/10.1090/conm/700/14189},
	Volume = {700},
	Year = {2017},
	Bdsk-Url-1 = {https://doi.org/10.1090/conm/700/14189}}

@article{Butler,
	Author = {Butler, Clark},
	Doi = {10.4310/jdg/1525399216},
	Fjournal = {Journal of Differential Geometry},
	Issn = {0022-040X},
	Journal = {J. Differential Geom.},
	Mrclass = {53D25 (37D25 37D40 53C21)},
	Mrnumber = {3798715},
	Number = {1},
	Pages = {39--79},
	Title = {Rigidity of equality of {L}yapunov exponents for geodesic flows},
	Url = {https://doi.org/10.4310/jdg/1525399216},
	Volume = {109},
	Year = {2018},
	Bdsk-Url-1 = {https://doi.org/10.4310/jdg/1525399216}}

@article{Frolov2017,
	Abstract = {The study of higher-dimensional black holes is a subject which has recently attracted vast interest. Perhaps one of the most surprising discoveries is a realization that the properties of higher-dimensional black holes with the spherical horizon topology and described by the Kerr--NUT--(A)dS metrics are very similar to the properties of the well known four-dimensional Kerr metric. This remarkable result stems from the existence of a single object called the principal tensor. In our review we discuss explicit and hidden symmetries of higher-dimensional Kerr--NUT--(A)dS black hole spacetimes. We start with discussion of the Killing and Killing--Yano objects representing explicit and hidden symmetries. We demonstrate that the principal tensor can be used as a ``seed object'' which generates all these symmetries. It determines the form of the geometry, as well as guarantees its remarkable properties, such as special algebraic type of the spacetime, complete integrability of geodesic motion, and separability of the Hamilton--Jacobi, Klein--Gordon, and Dirac equations. The review also contains a discussion of different applications of the developed formalism and its possible generalizations.},
	Author = {Frolov, V. P. and Krtou{\v{s}}, P. and Kubiz{\v{n}}{\'a}k, D.},
	Date-Modified = {2018-06-25 02:48:54 +0000},
	Day = {22},
	Doi = {10.1007/s41114-017-0009-9},
	Issn = {1433-8351},
	Journal = {Living Reviews in Relativity},
	Month = {Nov},
	Number = {1},
	Pages = {6},
	Title = {Black holes, hidden symmetries, and complete integrability},
	Url = {https://doi.org/10.1007/s41114-017-0009-9},
	Volume = {20},
	Year = {2017},
	Bdsk-Url-1 = {https://doi.org/10.1007/s41114-017-0009-9}}

@article{Luebbe2009,
	Author = {L\"ubbe, Christian and Tod, Paul},
	Doi = {10.1063/1.3239509},
	Fjournal = {Journal of Mathematical Physics},
	Issn = {0022-2488},
	Journal = {J. Math. Phys.},
	Mrclass = {53C50 (53C80 83C75)},
	Mrnumber = {2567193},
	Mrreviewer = {Robert J. Low},
	Number = {11},
	Pages = {112501, 28},
	Title = {An extension theorem for conformal gauge singularities},
	Url = {https://doi.org/10.1063/1.3239509},
	Volume = {50},
	Year = {2009},
	Bdsk-Url-1 = {https://doi.org/10.1063/1.3239509}}

@article{CG-proj-confbound,
	Author = {{\v{C}}ap, A. and Gover, A. R.},
	Date-Modified = {2018-06-19 09:08:05 +0000},
	Doi = {10.1007/s00208-016-1370-9},
	Fjournal = {Mathematische Annalen},
	Issn = {0025-5831},
	Journal = {Math. Ann.},
	Mrclass = {53A20 (35N10 53A30 53B10 53B21 58J60)},
	Mrnumber = {3563246},
	Number = {3-4},
	Pages = {1587--1620},
	Title = {Projective compactness and conformal boundaries},
	Url = {https://doi.org/10.1007/s00208-016-1370-9},
	Volume = {366},
	Year = {2016},
	Bdsk-Url-1 = {https://doi.org/10.1007/s00208-016-1370-9}}

@article{CG-proj-Ein,
	Author = {{\v{C}}ap, A. and Gover, A. R.},
	Date-Modified = {2018-06-19 09:08:21 +0000},
	Doi = {10.1515/crelle-2014-0036},
	Fjournal = {Journal f\"ur die Reine und Angewandte Mathematik. [Crelle's Journal]},
	Issn = {0075-4102},
	Journal = {J. Reine Angew. Math.},
	Mrclass = {53C25 (54D35 83C60)},
	Mrnumber = {3530534},
	Mrreviewer = {Matthias Hammerl},
	Pages = {47--75},
	Title = {Projective compactifications and {E}instein metrics},
	Url = {https://doi.org/10.1515/crelle-2014-0036},
	Volume = {717},
	Year = {2016},
	Bdsk-Url-1 = {https://doi.org/10.1515/crelle-2014-0036}}

@article{Yano1952,
	Author = {Yano, K.},
	Date-Modified = {2018-06-19 09:14:05 +0000},
	Doi = {10.2307/1969782},
	Fjournal = {Annals of Mathematics. Second Series},
	Issn = {0003-486X},
	Journal = {Ann. of Math. (2)},
	Mrclass = {53.0X},
	Mrnumber = {0048892},
	Mrreviewer = {A. Lichnerowicz},
	Pages = {328--347},
	Title = {Some remarks on tensor fields and curvature},
	Url = {https://doi.org/10.2307/1969782},
	Volume = {55},
	Year = {1952},
	Bdsk-Url-1 = {https://doi.org/10.2307/1969782}}

@article{Tachibana1969,
	Author = {Tachibana, S.},
	Date-Modified = {2018-06-25 03:01:45 +0000},
	Doi = {10.2748/tmj/1178243034},
	Fjournal = {The Tohoku Mathematical Journal. Second Series},
	Issn = {0040-8735},
	Journal = {T\^ohoku Math. J. (2)},
	Mrclass = {53.35},
	Mrnumber = {0242078},
	Mrreviewer = {H. D. Pande},
	Pages = {56--64},
	Title = {On conformal {K}illing tensor in a {R}iemannian space},
	Url = {https://doi.org/10.2748/tmj/1178243034},
	Volume = {21},
	Year = {1969},
	Bdsk-Url-1 = {https://doi.org/10.2748/tmj/1178243034}}

@article{Kashiwada1968,
	Author = {Kashiwada, T.},
	Date-Modified = {2018-06-25 02:56:57 +0000},
	Fjournal = {Natural Science Report of the Ochanomizu University},
	Issn = {0029-8190},
	Journal = {Natur. Sci. Rep. Ochanomizu Univ.},
	Mrclass = {53.70},
	Mrnumber = {0243458},
	Mrreviewer = {T. Nagano},
	Pages = {67--74},
	Title = {On conformal {K}illing tensor},
	Volume = {19},
	Year = {1968}}

@article{Bochner1948,
	Author = {Bochner, S.},
	Doi = {10.2307/1969287},
	Fjournal = {Annals of Mathematics. Second Series},
	Issn = {0003-486X},
	Journal = {Ann. of Math. (2)},
	Mrclass = {53.0X},
	Mrnumber = {0025238},
	Mrreviewer = {S. B. Myers},
	Pages = {379--390},
	Title = {Curvature and {B}etti numbers},
	Url = {https://doi.org/10.2307/1969287},
	Volume = {49},
	Year = {1948},
	Bdsk-Url-1 = {https://doi.org/10.2307/1969287}}

@article{Semmelmann2003,
	Author = {Semmelmann, U.},
	Date-Modified = {2018-06-25 02:59:46 +0000},
	Doi = {10.1007/s00209-003-0549-4},
	Fjournal = {Mathematische Zeitschrift},
	Issn = {0025-5874},
	Journal = {Math. Z.},
	Mrclass = {53C20},
	Mrnumber = {2021568},
	Mrreviewer = {Maria Falcitelli},
	Number = {3},
	Pages = {503--527},
	Title = {Conformal {K}illing forms on {R}iemannian manifolds},
	Url = {https://doi.org/10.1007/s00209-003-0549-4},
	Volume = {245},
	Year = {2003},
	Bdsk-Url-1 = {https://doi.org/10.1007/s00209-003-0549-4}}

@article{Mason2010,
	Author = {Mason, L. and Taghavi-Chabert, A.},
	Date-Modified = {2018-06-25 02:57:24 +0000},
	Doi = {10.1016/j.geomphys.2010.02.008},
	Fjournal = {Journal of Geometry and Physics},
	Issn = {0393-0440},
	Journal = {J. Geom. Phys.},
	Mrclass = {53C25 (53C28 53C50 53C55 53C80)},
	Mrnumber = {2647292},
	Mrreviewer = {Frederik Witt},
	Number = {6-8},
	Pages = {907--923},
	Title = {Killing-{Y}ano tensors and multi-{H}ermitian structures},
	Url = {https://doi.org/10.1016/j.geomphys.2010.02.008},
	Volume = {60},
	Year = {2010},
	Bdsk-Url-1 = {https://doi.org/10.1016/j.geomphys.2010.02.008}}

@article{Dunajski2010,
	Author = {Dunajski, M. and Tod, P.},
	Date-Modified = {2018-06-25 02:48:18 +0000},
	Doi = {10.1017/S030500410999048X},
	Fjournal = {Mathematical Proceedings of the Cambridge Philosophical Society},
	Issn = {0305-0041},
	Journal = {Math. Proc. Cambridge Philos. Soc.},
	Mrclass = {53C55 (53C27 53C28)},
	Mrnumber = {2609304},
	Mrreviewer = {James D. E. Grant},
	Number = {3},
	Pages = {485--503},
	Title = {Four-dimensional metrics conformal to {K}\"ahler},
	Url = {https://doi.org/10.1017/S030500410999048X},
	Volume = {148},
	Year = {2010},
	Bdsk-Url-1 = {https://doi.org/10.1017/S030500410999048X}}

@book{Sharpe,
  series = {Graduate texts in mathematics. 166},
  publisher = {Springer},
  isbn = {0387947329},
  year = {1997},
  title = {Differential geometry : Cartan's generalization of Klein's Erlangen program},
  language = {eng},
  address = {New York},
  author = {Richard W. Sharpe},
  keywords = {Geometry, Differential},
  lccn = {96013757}}

@article{GST,
  title={Distinguished curves and integrability in {R}iemannian, conformal, and projective geometry},
  author={Gover, Ashwin Rod and Snell, Daniel and Taghavi-Chabert, Arman},
  journal={arXiv preprint arXiv:1806.09830},
  year={2018}}
